<record><leader>00000nas a2200000 i 4500</leader><controlfield tag="001">952435274</controlfield><controlfield tag="007">hd afb---baua</controlfield><controlfield tag="008">160628d19241936waubr ne      0    0eng c</controlfield><datafield ind1=" " ind2=" " tag="010"><subfield code="a">  2016252900</subfield></datafield><datafield ind1=" " ind2=" " tag="040"><subfield code="a">WAU</subfield><subfield code="b">eng</subfield><subfield code="e">rda</subfield><subfield code="c">WAU</subfield></datafield><datafield ind1=" " ind2=" " tag="042"><subfield code="a">pcc</subfield></datafield><datafield ind1=" " ind2=" " tag="043"><subfield code="a">n-us-wa</subfield></datafield><datafield ind1="0" ind2="0" tag="245"><subfield code="a">Washington Hellenic review.</subfield></datafield><datafield ind1="3" ind2="0" tag="246"><subfield code="a">Hellenic review</subfield></datafield><datafield ind1=" " ind2="1" tag="264"><subfield code="a">Seattle, Washington :</subfield><subfield code="b">Hellenic Civic Society</subfield></datafield><datafield ind1=" " ind2=" " tag="300"><subfield code="a">volumes :</subfield><subfield code="b">illustrations</subfield></datafield><datafield ind1=" " ind2=" " tag="310"><subfield code="a">Bimonthly,</subfield><subfield code="b">1934-Feb./Mar 1936</subfield></datafield><datafield ind1=" " ind2=" " tag="321"><subfield code="a">Monthly,</subfield><subfield code="b">June 1924-1933</subfield></datafield><datafield ind1=" " ind2=" " tag="336"><subfield code="a">text</subfield><subfield code="b">txt</subfield><subfield code="2">rdacontent</subfield></datafield><datafield ind1=" " ind2=" " tag="337"><subfield code="a">unmediated</subfield><subfield code="b">n</subfield><subfield code="2">rdamedia</subfield></datafield><datafield ind1=" " ind2=" " tag="338"><subfield code="a">volume</subfield><subfield code="b">nc</subfield><subfield code="2">rdacarrier</subfield></datafield><datafield ind1="1" ind2=" " tag="362"><subfield code="a">Began with: Volume 1, number 1 (June 1924); ceased with: volume 11, number 9 (February/March 1936).</subfield></datafield><datafield ind1=" " ind2=" " tag="500"><subfield code="a">Publisher varies.</subfield></datafield><datafield ind1=" " ind2=" " tag="588"><subfield code="a">Description based on: Volume 1, number 1 (June 1924); title from masthead.</subfield></datafield><datafield ind1=" " ind2=" " tag="588"><subfield code="a">Latest issue consulted: Volume 11, number 5 (May/June 1935).</subfield></datafield><datafield ind1=" " ind2="0" tag="650"><subfield code="a">Greek Americans</subfield><subfield code="z">Washington (State)</subfield><subfield code="v">Newspapers.</subfield></datafield><datafield ind1=" " ind2="7" tag="650"><subfield code="a">Greek Americans.</subfield><subfield code="2">fast</subfield><subfield code="0">(OCoLC)fst00947109</subfield></datafield><datafield ind1=" " ind2="7" tag="651"><subfield code="a">Washington (State)</subfield><subfield code="2">fast</subfield><subfield code="0">(OCoLC)fst01204703</subfield></datafield><datafield ind1=" " ind2="7" tag="655"><subfield code="a">Greek American newspapers</subfield><subfield code="z">Washington (State)</subfield><subfield code="z">Seattle.</subfield><subfield code="2">ngl</subfield></datafield><datafield ind1=" " ind2="7" tag="655"><subfield code="a">Newspapers.</subfield><subfield code="2">fast</subfield><subfield code="0">(OCoLC)fst01423814</subfield></datafield><datafield ind1="2" ind2=" " tag="710"><subfield code="a">Hellenic Civic Society (Seattle, Wash.)</subfield></datafield><datafield ind1=" " ind2=" " tag="752"><subfield code="a">United States</subfield><subfield code="b">Washington</subfield><subfield code="c">King</subfield><subfield code="d">Seattle.</subfield></datafield><datafield ind1="1" ind2=" " tag="776"><subfield code="t">Washington Hellenic review</subfield><subfield code="w">(DLC)sn 88087024</subfield><subfield code="w">(OCoLC)18502590</subfield></datafield></record>